@inproceedings{farfade2015multi,
	title={Multi-view face detection using deep convolutional neural networks},
	author={Farfade, Sachin Sudhakar and Saberian, Mohammad J and Li, Li-Jia},
	booktitle={Proceedings of the ACM on International Conference on Multimedia Retrieval},
	pages={643--650},
	year={2015},
}

@inproceedings{li2015convolutional,
	title={A convolutional neural network cascade for face detection},
	author={Li, Haoxiang and Lin, Zhe and Shen, Xiaohui and Brandt, Jonathan and Hua, Gang},
	booktitle={Proceedings of the IEEE Conference on Computer Vision and Pattern Recognition},
	pages={5325--5334},
	year={2015}
}

@inproceedings{zhang2014improving,
	title={Improving multiview face detection with multi-task deep convolutional neural networks},
	author={Zhang, Cha and Zhang, Zhengyou},
	booktitle={Proceedings of the IEEE Winter Conference on Applications of Computer Vision},
	pages={1036--1041},
	year={2014}
}

@inproceedings{yang2016wider,
	title={Wider face: A face detection benchmark},
	author={Yang, Shuo and Luo, Ping and Loy, Chen-Change and Tang, Xiaoou},
	booktitle={Proceedings of the IEEE Conference on Computer Vision and Pattern Recognition},
	pages={5525--5533},
	year={2016}
}

@inproceedings{glorot2010understanding,
	title={Understanding the difficulty of training deep feedforward neural networks.},
	author={Glorot, Xavier and Bengio, Yoshua},
	booktitle={Aistats},
	volume={9},
	pages={249--256},
	year={2010}
}

@article{viola,
	title={Robust real-time face detection},
	author={Viola, Paul and Jones, Michael J},
	journal={International Journal of Computer Vision},
	volume={57},
	number={2},
	pages={137--154},
	year={2004}
}

@inproceedings{surf,
	title={Learning surf cascade for fast and accurate object detection},
	author={Li, Jianguo and Zhang, Yimin},
	booktitle={Proceedings of the IEEE Conference on Computer Vision and Pattern Recognition},
	pages={3468--3475},
	year={2013}
}

@article{npd,
	title={A fast and accurate unconstrained face detector},
	author={Liao, Shengcai and Jain, Anil K and Li, Stan Z},
	journal={IEEE Transactions on Pattern Analysis and Machine Intelligence},
	volume={38},
	number={2},
	pages={211--223},
	year={2016}
}

@inproceedings{acf,
	title={Aggregate channel features for multi-view face detection},
	author={Yang, Bin and Yan, Junjie and Lei, Zhen and Li, Stan Z},
	booktitle={Proceedings of the IEEE International Joint Conference on Biometrics},
	pages={1--8},
	year={2014}
}

@inproceedings{jc,
	title={Joint cascade face detection and alignment},
	author={Chen, Dong and Ren, Shaoqing and Wei, Yichen and Cao, Xudong and Sun, Jian},
	booktitle={Proceedings of the European Conference on Computer Vision},
	pages={109--122},
	year={2014}
}

@inproceedings{dpm1,
	title={A deep pyramid deformable part model for face detection},
	author={Ranjan, Rajeev and Patel, Vishal M and Chellappa, Rama},
	booktitle={Proceedings of the IEEE International Conference on Biometrics Theory, Applications and Systems},
	pages={1--8},
	year={2015}
}

@inproceedings{dpm2,
	title={A discriminatively trained, multiscale, deformable part model},
	author={Felzenszwalb, Pedro and McAllester, David and Ramanan, Deva},
	booktitle={Proceedings of the IEEE Conference on Computer Vision and Pattern Recognition},
	pages={1--8},
	year={2008}
}

@inproceedings{3dconv,
	title={Face Detection with End-to-End Integration of a ConvNet and a 3D Model},
	author={Li, Yunzhu and Sun, Benyuan and Wu, Tianfu and Wang, Yizhou},
	booktitle={Proceedings of the European Conference on Computer Vision},
	pages={420--436},
	year={2016}
}

@inproceedings{rcnn,
	title={Faster r-cnn: Towards real-time object detection with region proposal networks},
	author={Ren, Shaoqing and He, Kaiming and Girshick, Ross and Sun, Jian},
	booktitle={Proceedings of the Advances in Neural Information Processing Systems},
	pages={91--99},
	year={2015}
}

@article{nm,
	title={Bootstrapping Face Detection with Hard Negative Examples},
	author={Wan, Shaohua and Chen, Zhijun and Zhang, Tao and Zhang, Bo and Wong, Kong-kat},
	journal={arXiv preprint arXiv:1608.02236},
	year={2016}
}

@inproceedings{aflw,
	title={Annotated facial landmarks in the wild: A large-scale, real-world database for facial landmark localization},
	author={K{\"o}stinger, Martin and Wohlhart, Paul and Roth, Peter M and Bischof, Horst},
	booktitle={Proceedings of the IEEE International Conference on Computer Vision Workshops},
	pages={2144--2151},
	year={2011}
}

@inproceedings{mtfl,
	title={Facial landmark detection by deep multi-task learning},
	author={Zhang, Zhanpeng and Luo, Ping and Loy, Chen Change and Tang, Xiaoou},
	booktitle={Proceedings of the European Conference on Computer Vision},
	pages={94--108},
	year={2014}
}

@article{opencv,
	author = {Bradski, G.},
	citeulike-article-id = {2236121},
	journal = {Dr. Dobb's Journal of Software Tools},
	keywords = {bibtex-import},
	posted-at = {2008-01-15 19:21:54},
	priority = {4},
	title = ,
	year = {2000}
}

@inproceedings{krizhevsky2012imagenet,
	title={Imagenet classification with deep convolutional neural networks},
	author={Krizhevsky, Alex and Sutskever, Ilya and Hinton, Geoffrey E},
	booktitle={Proceedings of the Advances in Neural Information Processing Systems},
	pages={1097--1105},
	year={2012}
}

@article{ILSVRC15,
	Author = {Olga Russakovsky and Jia Deng and Hao Su and Jonathan Krause and Sanjeev Satheesh and Sean Ma and Zhiheng Huang and Andrej Karpathy and Aditya Khosla and Michael Bernstein and Alexander C. Berg and Li Fei-Fei},
	Title = {{ImageNet Large Scale Visual Recognition Challenge}},
	Year = {2015},
	journal   = {International Journal of Computer Vision},
	doi = {10.1007/s11263-015-0816-y},
	volume={115},
	number={3},
	pages={211-252}
}

@inproceedings{girshick2014rich,
	title={Rich feature hierarchies for accurate object detection and semantic segmentation},
	author={Girshick, Ross and Donahue, Jeff and Darrell, Trevor and Malik, Jitendra},
	booktitle={Proceedings of the IEEE Conference on Computer Vision and Pattern Recognition},
	pages={580--587},
	year={2014}
}

@inproceedings{li2015convolutional,
	title={A convolutional neural network cascade for face detection},
	author={Li, Haoxiang and Lin, Zhe and Shen, Xiaohui and Brandt, Jonathan and Hua, Gang},
	booktitle={Proceedings of the IEEE Conference on Computer Vision and Pattern Recognition},
	pages={5325--5334},
	year={2015}
}

@article{simonyan2014very,
	title={Very deep convolutional networks for large-scale image recognition},
	author={Simonyan, Karen and Zisserman, Andrew},
	journal={arXiv preprint arXiv:1409.1556},
	year={2014}
}

@incollection{thrun2008simultaneous,
	title={Simultaneous localization and mapping},
	author={Thrun, Sebastian and Leonard, John J},
	booktitle={Springer handbook of robotics},
	pages={871--889},
	year={2008},
	publisher={Springer}
}


@TechReport{fddbTech,
	author = {Vidit Jain and Erik Learned-Miller},
	title =  {FDDB: A Benchmark for Face Detection in Unconstrained Settings},
	institution =  {University of Massachusetts, Amherst},
	year = {2010},
	number = {UM-CS-2010-009}
}

@inproceedings{mathias2014face,
	title={Face detection without bells and whistles},
	author={Mathias, Markus and Benenson, Rodrigo and Pedersoli, Marco and Van Gool, Luc},
	booktitle={Proceedings of the European Conference on Computer Vision},
	pages={720--735},
	year={2014}
}

@article{jiang2016face,
	title={Face detection with the faster R-CNN},
	author={Jiang, Huaizu and Learned-Miller, Erik},
	journal={arXiv preprint arXiv:1606.03473},
	year={2016}
}